@INPROCEEDINGS{Lastra05-2, 
author={Lastra, J. L. M. and Godinho, L. and Lobov, A. and Tuokko, R.}, 
booktitle={INDIN '05. 2005 3rd IEEE International Conference on Industrial Informatics, 2005.}, 
title={An IEC 61499 application generator for scan-based industrial controllers}, 
year={2005}, 
pages={80-85}, 
ISSN={1935-4576}, 
month={Aug},
}



@incollection{Khalgui06,
  TITLE = {{A static scheduling generator for the deployment of a component based application}},
  AUTHOR = {Khalgui, Mohamed and Rebeuf, Xavier and Simonot-Lion, Fran{\c c}oise},
  URL = {https://hal.inria.fr/inria-00113450},
  BOOKTITLE = {{Postworkshop Proceedings of the 3rd Workshop on Object-oriented Modeling of Embedded Real-Time Systems}},
  EDITOR = {Holger Giese, Oliver Niggemann},
  PUBLISHER = {{Heinz Nixdorf Institut}},
  YEAR = {2006},
  PDF = {https://hal.inria.fr/inria-00113450/file/omer-id5.pdf},
  HAL_ID = {inria-00113450},
  HAL_VERSION = {v1},
}


@misc{uppaalwebsite,
	title = {{UPPAAL Tool}},
	organization  = {UP4ALL International},
	year = {2015},
	note = {Last accessed: 03/8/2015},
	howpublished = {\url{http://www.uppaal.com}}
}

@ARTICLE{Bell05,
	author={Bell, I.},
	journal={Manufacturing Engineer},
	title={The future of control [programmable automation controllers]},
	year={2005},
	volume={84},
	number={4},
	pages={36-39},
	ISSN={0956-9944},
	month={Aug},
}

@article{schwartz2010control,
	title={Control system devices: Architectures and supply channels overview},
	author={Schwartz, Moses D and Mulder, John and Trent, Jason and Atkins, William D},
	journal={Sandia Report SAND2010-5183, Sandia National Laboratories, Albuquerque, New Mexico},
	year={2010}
}

@misc{NI:2015,
	title = {A Comparison of {PAC}s to {PLC}s},
	organization  = {National Instruments},
	year = {2015},
	note = {Last accessed: 03/8/2015},
	howpublished = {\url{http://www.ni.com/white-paper/2960/en/}}
}

@misc{wago,
	title = {{Wago}},
	organization  = {WAGO Corporation},
	year = {2015},
	note = {Last accessed: 03/8/2015},
	howpublished = {\url{http://www.wago.us}}
}


@ARTICLE{Vyatkin07,
	author={Vyatkin, V. and Salcic, Z. and Roop, P.S. and Fitzgerald, J.},
	journal={Industrial Electronics Magazine, IEEE},
	title={Now That's Smart!},
	year={2007},
	month={Winter},
	volume={1},
	number={4},
	pages={17-29},
	ISSN={1932-4529},
}


@article{schmidt06,
	title = {{Model-driven engineering}},
	author={Schmidt, Douglas C},
	journal={Computer -IEEE Computer Society-},
	volume={39},
	number={2},
	pages={25},
	year={2006},
	publisher={Citeseer}
}

@misc{timemewebsite,
	title = {{TimeMe : Time Predictable Solutions for Embedded and Industrial Control Systems}},
	key={TimeMe},
	organization = {Precision Timed Research Group (PRETzel)},
	note = {Last accessed: 26/8/2015},
	howpublished = {\url{http://timeme.io}},
	year = 2014,
}

@misc{SNUBenchmark,
	title = {{SNU Real-Time Benchmarks}},
	author  = {SATABS},
	note = {Last accessed: 04/02/2012},
	howpublished = {\url{http://www.cprover.org/goto-cc/examples/snu.html}},
	year = 2012,
}


@misc{fuber,
	title = {Function Block Execution Runtime ({Fuber})},
	AUTHOR = {Cengic, G.},
	YEAR = {2009},
	note = {Last accessed: 26/8/2014},
	howpublished = {\url{http://fuber.sourceforge.net}}
}

@INPROCEEDINGS{fuber06paper, 
	author={Cengic, G. and Ljungkrantz, O. and Akesson, K.}, 
	booktitle={Emerging Technologies and Factory Automation, 2006. ETFA '06. IEEE Conference on}, 
	title={Formal Modeling of Function Block Applications Running in {IEC} 61499 Execution Runtime}, 
	year={2006}, 
	month={Sept}, 
	pages={1269-1276},
}

@ARTICLE{OSullivan10, 
	author={O'Sullivan, D. and Heffernan, D.}, 
	journal={Computers Digital Techniques, IET}, 
	title={VHDL architecture for {IEC} 61499 function blocks}, 
	year={2010}, 
	month={November}, 
	volume={4}, 
	number={6}, 
	pages={515-524}, 
	ISSN={1751-8601},
}

@techreport{SMMU09,
	author = {Jack Whitham and Neil Audsley},
	year = {2009},
	title = {The Scratchpad Memory Management Unit for Microblaze: Implementation, Testing, and Case Study},
	institution = {University of York},
	number = {YCS-2009-439},
}

@ARTICLE{Zhabelova12,
	author={Zhabelova, Gulnara and Vyatkin, Valeriy},
	journal={Industrial Electronics, IEEE Transactions on},
	title={Multiagent Smart Grid Automation Architecture Based on {IEC} 61850/61499 Intelligent Logical Nodes},
	year={2012},
	month={May},
	volume={59},
	number={5},
	pages={2351-2362},
	ISSN={0278-0046},
}

@book{Yoong15,
	author = {Yoong, Li Hsien and Roop, Partha S. and Bhatti, Zeeshan E. and Kuo, Matthew M. Y.},
	title = {Model-Driven Design Using {IEC} 61499 A Synchronous Approach for Embedded and Automation Systems},
	year = {2015},
	isbn = {978-3-319-10520-8},
	publisher = {Springer International Publishing},
} 

@book{Kopetz:1997,
	author = {Kopetz, Hermann},
	title = {Real-Time Systems: Design Principles for Distributed Embedded Applications},
	year = {1997},
	isbn = {0792398947},
	edition = {1st},
	publisher = {Kluwer Academic Publishers},
	address = {Norwell, MA, USA},
}

@book{Gamma95,
	author = {Gamma, Erich and Helm, Richard and Johnson, Ralph and Vlissides, John},
	title = {Design Patterns: Elements of Reusable Object-oriented Software},
	year = {1995},
	isbn = {0-201-63361-2},
	publisher = {Addison-Wesley Longman Publishing Co., Inc.},
	address = {Boston, MA, USA},
} 

@article{krasner:MVC,
	AUTHOR = {Glenn E. Krasner and Stephen T. Pope},
	title = {{A cookbook for using the model-view controller user interface paradigm in} {Smalltalk-80}},
	JOURNAL = {Journal of Object-Oriented Programming},
	VOLUME = {1},
	NUMBER = {3},
	YEAR = {1988},
	MONTH = "August/September",
	PAGES = {26--49},
	PUBLISHER = {SIGS Publications},
	ADDRESS = {Denville}
}

@inproceedings{Christensen00,
	author = {James H. Christensen},
	title = {Design patterns for systems engineering in {IEC} 61499},
	booktitle = {Verteilte Automatisierung - Modelle und Methoden f\"ur Entwurf, Verifikation, Engineering und Instrumentierung (VA2000)},
	year={2000},
	month={March},
	address = {Otto-von-Guericke-Universit\"at Magdeburg, Germany},
	pages={63-71},
	ISSN={3-929757-30-3},}
} 

@INPROCEEDINGS{Serna10,
	author={Serna, Felix and Catalan, Carlos and Blesa, Alfonso and Rams, Josep M.},
	booktitle={Emerging Technologies and Factory Automation (ETFA), 2010 IEEE Conference on},
	title={Design patterns for Failure Management in {IEC} 61499 Function Blocks.},
	year={2010},
	month={Sept},
	pages={1-7},
	ISSN={1946-0740},
}


@article{Boldt08MaxPlus,
	author = {Boldt, Marian and Traulsen, Claus and von Hanxleden, Reinhard},
	title = {Worst Case Reaction Time Analysis of Concurrent Reactive Programs},
	journal = {Electron. Notes Theor. Comput. Sci.},
	issue_date = {June, 2008},
	volume = {203},
	number = {4},
	month = jun,
	year = {2008},
	issn = {1571-0661},
	pages = {65--79},
	numpages = {15},
	publisher = {Elsevier Science Publishers B. V.},
	address = {Amsterdam, The Netherlands, The Netherlands},
} 
@ARTICLE{Dubinin12,
	author={Dubinin, Victor N. and Vyatkin, Valeriy},
	journal={Industrial Informatics, IEEE Transactions on},
	title={Semantics-Robust Design Patterns for {IEC} 61499},
	year={2012},
	month={May},
	volume={8},
	number={2},
	pages={279-290},
	ISSN={1551-3203},
}

@article{vyatkin2011iec,
	title={{IEC} 61499 as enabler of distributed and intelligent automation: State-of-the-art review},
	author={Vyatkin, Valeriy},
	journal={Industrial Informatics, IEEE Transactions on},
	volume={7},
	number={4},
	pages={768--781},
	year={2011},
	publisher={IEEE}
}

@book{Buschmann96,
	author = {Buschmann, Frank and Meunier, Regine and Rohnert, Hans and Sommerlad, Peter and Stal, Michael},
	title = {Pattern-oriented Software Architecture: A System of Patterns},
	year = {1996},
	isbn = {0-471-95869-7},
	publisher = {John Wiley \& Sons, Inc.},
	address = {New York, NY, USA},
} 
@book{Zoitl09,
	author    = "Alois, Zoitl",
	title     = "Real-time execution for {IEC} 61499",
	year      = "2009",
	publisher = "International Society of Automation eBooks",
	abstract  = "",
	pages     = "288",
	isbn      = "9781934394274"
}

@ARTICLE{Doukas11,
	author={Doukas, George and Thramboulidis, Kleanthis},
	journal={Industrial Electronics, IEEE Transactions on},
	title={A Real-Time-Linux-Based Framework for Model-Driven Engineering in Control and Automation},
	year={2011},
	month={March},
	volume={58},
	number={3},
	pages={914-924},
	ISSN={0278-0046},
}

@ARTICLE{Vyatkin09,
	author={Vyatkin, V.},
	journal={Industrial Electronics Magazine, IEEE},
	title={The {IEC} 61499 standard and its semantics},
	year={2009},
	month={Dec},
	volume={3},
	number={4},
	pages={40-48},
	ISSN={1932-4529},
}

@article{reactiveC,
	author = {Boussinot, Fr{\'e}d{\'e}ric},
	title = {Reactive {C}: An Extension of {C} to  Program Reactive Systems},
	journal = {Softw. Pract. Exper.},
	issue_date = {April 1991},
	volume = {21},
	number = {4},
	month = apr,
	year = {1991},
	issn = {0038-0644},
	pages = {401--428},
	numpages = {28},
	publisher = {John Wiley \& Sons, Inc.},
	address = {New York, NY, USA},
} 

@inproceedings{PRETPhilosophy,
	author = {Edwards, Stephen A. and Lee, Edward A.},
	title = {The Case for the Precision Timed {PRET} Machine},
	booktitle = {Proceedings of the 44th Annual Design Automation Conference},
	series = {DAC '07},
	year = {2007},
	isbn = {978-1-59593-627-1},
	location = {San Diego, California},
	pages = {264--265},
	numpages = {2},
	publisher = {ACM},
	address = {New York, NY, USA},
} 

@book{Hennessy:2011,
	author = {Hennessy, John L. and Patterson, David A.},
	title = {Computer Architecture, Fifth Edition: A Quantitative Approach},
	year = {2011},
	isbn = {012383872X, 9780123838728},
	edition = {5th},
	publisher = {Morgan Kaufmann Publishers Inc.},
	address = {San Francisco, CA, USA},
} 

@book{Tanenbaum:2012,
	author = {Tanenbaum, Andrew S. and Austin, Todd},
	title = {Structured Computer Organization},
	year = {2012},
	isbn = {0132916525, 9780132916523},
	edition = {6th},
	publisher = {Prentice Hall Press},
	address = {Upper Saddle River, NJ, USA},
} 



@article{TA94,
	title = "A theory of timed automata ",
	journal = "Theoretical Computer Science ",
	volume = "126",
	number = "2",
	pages = "183 - 235",
	year = "1994",
	note = "",
	issn = "0304-3975",
	author = "Rajeev Alur and David L. Dill",
}

@incollection{Alagar11,
	title={Extended Finite State Machine},
	booktitle={Specification of Software Systems},
	year={2011},
	isbn={978-0-85729-276-6},
	series={Texts in Computer Science},
	publisher={Springer London},
	author={Alagar, V.S. and Periyasamy, K.},
	pages={105-128}
}


@article{Kalaji2011:EFSM,
	title = "An integrated search-based approach for automatic testing from extended finite state machine (EFSM) models ",
	journal = "Information and Software Technology ",
	volume = "53",
	number = "12",
	pages = "1297 - 1318",
	year = "2011",
	note = "",
	issn = "0950-5849",
	author = "Abdul Salam Kalaji and Robert Mark Hierons and Stephen Swift",
}



@inproceedings{Cheng:1993:EFSM,
	author = {Cheng, Kwang Ting and Krishnakumar, A. S.},
	title = {Automatic Functional Test Generation Using the Extended Finite State Machine Model},
	booktitle = {Proceedings of the 30th International Design Automation Conference},
	series = {DAC '93},
	year = {1993},
	location = {Dallas, Texas, USA},
	pages = {86--91},
	numpages = {6},
	publisher = {ACM},
	address = {New York, NY, USA},
} 

@InProceedings{Kuo11,
	author = 	 {M. M. Y. Kuo and R. Sinha and P. S. Roop},
	title = 	 {Efficient {WCRT} Analysis of Synchronous Programs using Reachability},
	booktitle = {Design Automation Conference, 2011. DAC '11},
	location = {San Diego},
	month={June},
	year = 	 {2011},
	pages={480-485},
}

@INPROCEEDINGS{kuo10, 
	author={Matthew M. Y. Kuo and Li Hsien Yoong and Andalam, S. and Roop, P.S.}, 
	booktitle = {{8th IEEE International Conference on Industrial Informatics (INDIN)}},
	title = {Determining the worst-case reaction time of {IEC} 61499 function blocks},
	year={2010}, 
	month={July}, 
	pages={1104 -1109}
}

@INPROCEEDINGS{kuo13,
	author={Kuo, M. M. Y. and Roop, P. S. and Andalam, S. and Patel, N.},
	booktitle={Application of Concurrency to System Design (ACSD), 2013 13th International Conference on},
	title={Precision Timed Embedded Systems Using TickPAD Memory},
	year={2013},
	month={July},
	pages={206-215},
}

@misc{MBdatasheet,
	title = {{MicroBlaze Processor Reference Guide}},
	key={MicroBlaze},
	organization  = {Xilinx},
	version={UG081 (v9.0)},
	year = {2009},
	note = {Last accessed: 26/8/2014},
	howpublished = {\url{http://www.xilinx.com/support/documentation/sw_manuals/mb_ref_guide.pdf}}
}

@BOOK{zoitl2009,
	author = {Zoitl, A.},
	title = {Real-Time Execution for {IEC} 61499},
	publisher = {Research Triangle Park, NC : Instrumentation, Systems, and Automation Society},
	year = {2009},
}

@TECHREPORT{kim09,
	author  = {Sungjun Kim and Hiren D. Patel and Stephen A. Edwards},
	title   = {Using a Model Checker to Determine Worst-case Execution Time},
	year    = {2009},
	type = {Computer Science Technical Report},
	number = {CUCS-038-09},
	institution = {Columbia University}
}

@book{Hoare:1985:CSP,
	author = {Hoare, C. A. R.},
	title = {Communicating Sequential Processes},
	year = {1985},
	isbn = {0-13-153271-5},
	publisher = {Prentice-Hall, Inc.},
	address = {Upper Saddle River, NJ, USA},
} 

@manual{iec:61131-3,
	TITLE = {International Standard {IEC} 61131-3: Programmable Controllers - Part 3: Programming Languages},
	AUTHOR = "", 
	ORGANIZATION = {International Electrotechnical Commission},
	ADDRESS = "Geneva", 
	EDITION = {2nd},
	YEAR = {2003},
}

@manual{iec:61499-2,
	TITLE = {International Standard {IEC} 61499-2: Function blocks - Part 2: Software Tool Requirements},
	AUTHOR = "", 
	ORGANIZATION = {International Electrotechnical Commission},
	ADDRESS = "Geneva", 
	EDITION = {1st},
	MONTH = {January}, 
	YEAR = {2005}
}

@manual{iec:61499-1,
	TITLE = {International Standard {IEC} 61499-1: Function blocks - Part 1: Architecture},
	AUTHOR = "", 
	ORGANIZATION = {International Electrotechnical Commission},
	ADDRESS = "Geneva", 
	EDITION = {1st},
	MONTH = {January}, 
	YEAR = {2005}
}

@manual{iec:61499-1-2012,
	TITLE = {International Standard {IEC} 61499-1: Function blocks - Part 1: Architecture},
	AUTHOR = "", 
	ORGANIZATION = {International Electrotechnical Commission},
	ADDRESS = "Geneva", 
	EDITION = {2nd},
	MONTH = {November}, 
	YEAR = {2012}
}


@article {Andalam13,
	author = "Sidharta Andalam and Partha S. Roop and Alain Girault and Claus Traulsen",
	title = "Predictable Framework for Safety-Critical Embedded Systems",
	journal = "IEEE Transactions on Computers",
	volume = 99,
	number = 1,
	pages = "100 - 114",
	month = feb,
	year = 2013
}

@INPROCEEDINGS{Andalam10,
	author={Andalam, S. and Roop, P. and Girault, A.},
	booktitle={Formal Methods and Models for Codesign (MEMOCODE), 2010 8th IEEE/ACM International Conference on},
	title={Predictable multithreading of embedded applications using PRET-C},
	year={2010},
	month={July},
	pages={159-168},
}


@Article{Lee15,
	AUTHOR = {Lee, Edward A.},
	TITLE = {The Past, Present and Future of Cyber-Physical Systems: A Focus on Models},
	JOURNAL = {Sensors},
	VOLUME = {15},
	YEAR = {2015},
	NUMBER = {3},
	PAGES = {4837-4869},
	PubMedID = {25730486},
	ISSN = {1424-8220},
}

@INPROCEEDINGS{Lv09,
author={Mingsong Lv and Nan Guan and Yi Zhang and Qingxu Deng and Ge Yu and Jianming Zhang},
	booktitle={Embedded Software and Systems, 2009. ICESS '09. International Conference on},
	title={A Survey of {WCET} Analysis of Real-Time Operating Systems},
	year={2009},
	month={May},
	pages={65-72},
}



@article{klein2014comprehensive,
	title={Comprehensive formal verification of an OS microkernel},
	author={Klein, Gerwin and Andronick, June and Elphinstone, Kevin and Murray, Toby and Sewell, Thomas and Kolanski, Rafal and Heiser, Gernot},
	journal={ACM Transactions on Computer Systems (TOCS)},
	volume={32},
	number={1},
	pages={2},
	year={2014},
	publisher={ACM}
}

@article{Lee:2006,
	author = {Lee, Edward A.},
	title = {The Problem with Threads},
	journal = {Computer},
	issue_date = {May 2006},
	volume = {39},
	number = {5},
	month = may,
	year = {2006},
	issn = {0018-9162},
	pages = {33--42},
	numpages = {10},
	publisher = {IEEE Computer Society Press},
	address = {Los Alamitos, CA, USA},
} 

@INPROCEEDINGS{Ju08,
	author = {Lei Ju and Bach Khoa Huynh and Abhik Roychoudhury and Samarjit Chakraborty},
	title = {Performance debugging of {Esterel} specifications},
	booktitle = {CODES+ISSS},
	year = {2008},
	pages = {173-178},
}

@INPROCEEDINGS{Ju09,
	author={Lei Ju and Bach Khoa Huynh and Chakraborty, S. and Roychoudhury, A.},
	booktitle={Design Automation Conference, 2009. DAC '09. 46th ACM/IEEE},
	title={Context-sensitive timing analysis of Esterel programs},
	year={2009},
	month={July},
	pages={870-873},
	ISSN={0738-100X},
}

@article{DBLP:journals/rts/JuHRC12,
	author    = {Lei Ju and
			   Bach Khoa Huynh and
			   Abhik Roychoudhury and
			   Samarjit Chakraborty},
	title     = {Performance debugging of {E}sterel specifications},
	journal   = {Real-Time Systems},
	volume    = {48},
	number    = {5},
	year      = {2012},
	pages     = {570-600},
}


@misc{scade,
	title = {{SCADE Tools}},
	organization  = {Esterel Technologies},
	year = {2014},
	note = {Last accessed: 26/8/2014},
	howpublished = {\url{http://www.esterel-technologies.com/}}
}

@inproceedings{Raymond:2013,
	 author = {Raymond, Pascal and Maiza, Claire and Parent-Vigouroux, Catherine and Carrier, Fabienne},
	 title = {Timing Analysis Enhancement for Synchronous Program},
	 booktitle = {Proceedings of the 21st International Conference on Real-Time Networks and Systems},
	 series = {RTNS '13},
	 year = {2013},
	 isbn = {978-1-4503-2058-0},
	 location = {Sophia Antipolis, France},
	 pages = {141--150},
	 numpages = {10},
	 publisher = {ACM},
	 address = {New York, NY, USA},
} 


@INPROCEEDINGS{Vyatkin:Sequential07,
	author={Vyatkin, V. and Dubinin, V.},
	booktitle={Industrial Informatics, 2007 5th IEEE International Conference on},
	title={Sequential Axiomatic Model for Execution of Basic Function Blocks in {IEC}61499},
	year={2007},
	month={June},
	volume={2},
	pages={1183-1188},
	ISSN={1935-4576},
}

@article{Yoong09,
	Author = {L. Yoong and P. Roop and V. Vyatkin and Z. Salcic},
	Title = {A Synchronous Approach for {IEC} 61499 Function Block Implementation},
	Journal = {Computers, IEEE Transactions on},
	Volume = {58},
	Number = {12},
	Pages = {1599-1614},
	Year = {2009}
}


@inproceedings {Wang13ILP,
	author = "Jia Jie Wang and Partha S Roop and Sidharta Andalam",
	title = "{{ILPc}: A Novel Approach for Scalable Timing Analysis of Synchronous Programs}",
	booktitle = {International Conference on Compilers, Architecture, and Synthesis for Embedded Systems (CASES)},
	year = 2013,
	month = "October",
	location = "Montreal, Canada", 
	pages={1-10},
}

@inproceedings {Andalam11MC,
	author = {Sidharta Andalam and Partha S Roop and Alain Girault},
	title = {Pruning infeasible paths for tight {WCRT} analysis of synchronous programs},
	booktitle = {Design Automation and Test in Europe (DATE)},
	month = "March",
	year = 2011,
	pages = {204--209},
}

@inproceedings{Lickly:2008,
	author = {Lickly, Ben and Liu, Isaac and Kim, Sungjun and Patel, Hiren D. and Edwards, Stephen A. and Lee, Edward A.},
	title = {Predictable Programming on a Precision Timed Architecture},
	booktitle = {Proceedings of the 2008 International Conference on Compilers, Architectures and Synthesis for Embedded Systems},
	series = {CASES '08},
	year = {2008},
	isbn = {978-1-60558-469-0},
	location = {Atlanta, GA, USA},
	pages = {137--146},
	numpages = {10},
	publisher = {ACM},
	address = {New York, NY, USA},
} 

@inproceedings{Wilhelm:2010,
	author = {Wilhelm, Reinhard and Altmeyer, Sebastian and Burgui\`{e}re, Claire and Grund, Daniel and Herter, J\"{o}rg and Reineke, Jan and Wachter, Bj\"{o}rn and Wilhelm, Stephan},
	title = {Static Timing Analysis for Hard Real-time Systems},
	booktitle = {Proceedings of the 11th International Conference on Verification, Model Checking, and Abstract Interpretation},
	series = {VMCAI'10},
	year = {2010},
	isbn = {3-642-11318-4, 978-3-642-11318-5},
	location = {Madrid, Spain},
	pages = {3-22},
	numpages = {20},
	publisher = {Springer-Verlag},
	address = {Berlin, Heidelberg},
} 

@INPROCEEDINGS{Liu12PTARM,
	author={Liu, I. and Reineke, J. and Broman, D. and Zimmer, M. and Lee, E.A.},
	booktitle={Computer Design (ICCD), 2012 IEEE 30th International Conference on},
	title={A {PRET} microarchitecture implementation with repeatable timing and competitive performance},
	year={2012},
	month={Sept},
	pages={87-93},
	ISSN={1063-6404},
}


@inproceedings{Zimmer14FlexPRET,
    author = {Michael Zimmer and David Broman and Chris Shaver and Edward A. Lee},
    title = {FlexPRET: A Processor Platform for Mixed-Criticality Systems},
    booktitle = {Proceedings of the 20th IEEE Real-Time and Embedded Technology and Application Symposium (RTAS)},
    month = {April},
    year = {2014},
}

@phdthesis{Liu:thesis,
    Author = {Liu, Isaac},
    Title = {Precision Timed Machines},
    School = {EECS Department, University of California, Berkeley},
    Year = {2012},
    Month = {May},
    Number = {UCB/EECS-2012-113},
}

@PhdThesis{Yoong11,
           title = "{Modelling and Synthesis of Safety-critical Software with {IEC} 61499}",
          author = "Li Hsien Yoong",
          school = "University of Auckland",
            year = "2011",
}


@inproceedings{Reineke11PRETDRAM,
	author = {Reineke, Jan and Liu, Isaac and Patel, Hiren D. and Kim, Sungjun and Lee, Edward A.},
	title = {PRET DRAM Controller: Bank Privatization for Predictability and Temporal Isolation},
	booktitle = {Proceedings of the Seventh IEEE/ACM/IFIP International Conference on Hardware/Software Codesign and System Synthesis},
	series = {CODES+ISSS '11},
	year = {2011},
	isbn = {978-1-4503-0715-4},
	location = {Taipei, Taiwan},
	pages = {99--108},
	numpages = {10},
	publisher = {ACM},
	address = {New York, NY, USA},
} 


@PhdThesis{Andalam13thesis,
           title = "{Predictable Platforms for Safety-Critical Embedded Systems}",
          author = "Sidharta Andalam",
          school = "University of Auckland",
            year = "2013",
}

@mastersthesis{tony:me-thesis,
	AUTHOR = {Yu Zhao},
	title = {A Model-Driven Approach For Designing Time-Critical Medical Devices },
	SCHOOL = {Electrical and Computer Engineering Department},
	TYPE = "{M.E.} Thesis",
	ADDRESS = "University of Auckland",
	YEAR = 2014,
	NOTE = ""
}

@book{Buttazzo05,
	author = {Buttazzo, Giorgio C.},
	title = {Hard Real-time Computing Systems: Predictable Scheduling Algorithms And Applications Second Edition},
	year = {2005},
	publisher = {Springer Science Business Media Inc.},
}

@article{sorouri13,
	title = {Plug--and--play design and distributed logic control of medical devices using {IEC} 61499 function blocks},
	author={Sorouri, Majid and Vyatkin, Valeriy and Xie, Shengquan and Salcic, Zoran},
	journal={International Journal of Biomechatronics and Biomedical Robotics},
	volume={2},
	number={2},
	pages={102--110},
	year={2013},
	publisher={Inderscience}
}

@article{yoong:ImplementCPS,
    AUTHOR = {Li Hsien Yoong and Partha S. Roop and Zoran Salcic},
    title = {Implementing Constrained Cyber-Physical Systems with {IEC} 61499},
    JOURNAL = {ACM Transactions on Embedded Computing},
    YEAR = {2012},
    MONTH = {December},
    VOLUME = {11},
    NUMBER = {4},
    PAGES = {78:1--78:22},
    PUBLISHER = {ACM},
    ADDRESS = {New York, NY, USA}
 }

@INPROCEEDINGS{Lastra05,
	author={Lastra, J.L.M. and Lobov, A. and Godinho, L.},
	booktitle={Emerging Technologies and Factory Automation, 2005. ETFA 2005. 10th IEEE Conference on},
	title={Closed loop control using an {IEC} 61499 application generator for scan-based controllers},
	year={2005},
	month={Sept},
	volume={1},
	pages={8 pp.-330},
}



@INPROCEEDINGS{tata09,
	author={Tata, P. and Vyatkin, V.},
	booktitle={Industrial Informatics, 2009. INDIN 2009. 7th IEEE International Conference on},
	title={Proposing a novel {IEC}61499 runtime framework implementing the Cyclic Execution semantics},
	year={2009},
	month={June},
	pages={416-421},
	ISSN={1935-4576}
}

@INPROCEEDINGS{Sunder06,
	author={Sunder, C. and Zoitl, A. and Christensen, J.H. and Vyatkin, V. and Brennan, R.W. and Valentini, A. and Ferrarini, L. and Strasser, T. and Martinez-Lastra, J.L. and Auinger, F.},
	booktitle={Industrial Informatics, 2006 IEEE International Conference on},
	title={Usability and Interoperability of {IEC} 61499 based distributed automation systems},
	year={2006},
	month={Aug},
	pages={31-37},
}


 
@inproceedings{vyatkin:Comparisons,
 	AUTHOR = {Valeriy Vyatkin and Julien Chouinard},
 	title = {On Comparisons of the {ISaGRAF} implementation of {IEC 61499} with {FBDK} and other implementations},
 	BOOKtitle = {{6th IEEE International Conference on Industrial Informatics (INDIN)}},
 	YEAR = "2008",
 	RELEVANT = "The following are optional fields:",
 	PAGES = {289-294},
 	MONTH = "July",
 	ADDRESS = {Daejeon},
}
 
@misc{isagraf,
	title = {{ISaGRAF}},
	key = {ISaGRAF},
	ORGANIZATION = {ICS Triplex ISaGRAF Inc.},
	note = {Last accessed: 03/8/2015},
	howpublished = {\url{http://www.isagraf.com}}
}

@misc{fbdk,
	title = {{Function Block Development Kit}},
	key={FBDK},
	ORGANIZATION = {Holobloc Inc.},
	note = {Last accessed: 03/8/2015},
	howpublished = {\url{http://www.holobloc.com}}
}

@misc{forte,
	title = {{4DIAC-RTE} ({FORTE}): {IEC} 61499 Compliant Runtime Environment},
	key={4DIAC},
	AUTHOR = "", 
	ORGANIZATION = {PROFACTOR Produktionsforschungs GmbH},
	note = {Last accessed: 03/8/2015},
	howpublished = {\url{http://www.fordiac.org}}
}
@misc{greenfiled13,
	author = 	 {David Greenfiled},
	title = {How embedded systems are changing automation},
	publisher = {Automation World},
	month = 	 {February},
	year = 	 2013,
	howpublished = {\url{http://www.automationworld.com/embedded-control/how-embedded-systems-are-changing-automation}}
}


@PhdThesis{shaw13,
	author = 	 {Gareth D Shaw},
	title = 	 {Reliable Model Driven Engineering using {IEC}61499},
	school = 	 {Department of Electrical and Computer Engineering, The University of Auckland},
	year = 	 2013,
}

@inproceedings{shaw:Toolkit,
    AUTHOR = {Gareth D. Shaw and Li Hsien Yoong and Partha S. Roop and Zoran Salcic},
    title = {{A new tool-kit for designing complex material handling systems using {IEC} 61499 function blocks}},
    BOOKtitle = {{13th IFAC Symposium on Information Control Problems in Manufacturing (INCOM)}},
    YEAR = "2009",
    RELEVANT = "The following are optional fields:",
    MONTH = {June},
    ADDRESS = {Moscow},
}

@INPROCEEDINGS{shaw10, 
	author={Shaw, G.D. and Roop, P.S. and Salcic, Z.}, 
	booktitle={Industrial Informatics (INDIN), 2010 8th IEEE International Conference on}, title={Reengineering of {IEC} 61131 into {IEC} 61499 Function Blocks}, 
	year={2010}, 
	month={july}, 
	pages={1148 -1153}, 
}

@TechReport{plotkin81,
	author =	 {G.D. Plotkin},
	title =	 {A Structural Approach to Operational Semantics},
	number =	 {DAIMI FN-19},
	institution =	 {University of Aarhus},
	year =	 1981,
}
@article{wilhelm08,
	title = {The worst-case execution-time problem-overview of methods and survey of tools},
	author={Wilhelm, Reinhard and Engblom, Jakob and Ermedahl, Andreas and Holsti, Niklas and Thesing, Stephan and Whalley, David and Bernat, Guillem and Ferdinand, Christian and Heckmann, Reinhold and Mitra, Tulika and others},
	journal={ACM Transactions on Embedded Computing Systems (TECS)},
	volume={7},
	number={3},
	pages={36},
	year={2008},
	publisher={ACM}
}

@article{Wilhelm14,
	author = {Wilhelm, Reinhard and Grund, Daniel},
	title = {Computation Takes Time, but How Much?},
	journal = {Communications of the ACM},
	issue_date = {February 2014},
	volume = {57},
	number = {2},
	month = feb,
	year = {2014},
	issn = {0001-0782},
	pages = {94--103},
} 

@inproceedings{Wilhelm04whyai,
    author = {Reinhard Wilhelm},
    title = {{Why AI + ILP is good for WCET, but MC is not, nor ILP alone}},
    booktitle = {{In Verification, Model Checking and Abstract Interpretation (VMCAI), LNCS 2937}},
    year = {2004}
}

@BOOK{RoychoudhuryBook,
	author = {Roychoudhury, Abhik},
	title = {Embedded systems and software validation},
	publisher = {Morgan Kaufmann Publishers/Elsevier},
	address = {Amsterdam; Boston},
	year = {2009},
}



@manual{cbmc,
    TITLE = {The CBMC Homepage},
    AUTHOR = "Daniel Kroening and Edmund Clarke", 
    ORGANIZATION = {},
    ADDRESS = {}, 
    EDITION = {},
    MONTH = {}, 
    YEAR = {2014},
    URL = {http://www.cprover.org/cbmc}
}

@INPROCEEDINGS{Pang08, 
	author={Cheng Pang and Vyatkin, V.}, 
	booktitle={Industrial Informatics, 2008. INDIN 2008. 6th IEEE International Conference on}, 
	title={Automatic model generation of {IEC} 61499 function block using net condition/event systems}, 
	year={2008}, 
	month={July}, 
	pages={1133-1138}, 
	ISSN={1935-4576},
}

@INPROCEEDINGS{VyatkinNCES06, 
	author={Vyatkin, V.}, 
	booktitle={Industrial Informatics, 2006 IEEE International Conference on}, 
	title={Execution Semantic of Function Blocks based on the Model of Net Condition/Event Systems}, 
	year={2006}, 
	month={Aug}, 
	pages={874-879}, 
}


@inproceedings{SalcicBB02,
	author = {Salcic, Z. A. and Roop, P. and Biglari-Abhari, M. and Bigdeli, A.},
	title = {{REFLIX}: A Processor Core for Reactive Embedded Applications},
	booktitle = {Proceedings of the Reconfigurable Computing Is Going Mainstream, 12th International Conference on Field-Programmable Logic and Applications},
	series = {FPL '02},
	year = {2002},
	isbn = {3-540-44108-5},
	pages = {945--945},
	numpages = {1},
	publisher = {Springer-Verlag},
	address = {London, UK, UK},
} 

@article{reactive_processors_kep,
	author={X. Li and von Hanxleden, R.},
	journal={Computers, IEEE Transactions on},
	title={Multithreaded Reactive Programming - the Kiel Esterel Processor},
	year={2012},
	month={March},
	volume={61},
	number={3},
	pages={337-349},
	ISSN={0018-9340}
}

@inproceedings{EMPERORRoop04,
	author = {Roop, Partha S. and Salcic, Zoran and Dayaratne, M.W. Sajeewa},
	title = {Towards Direct Execution of Esterel Programs on Reactive Processors},
	booktitle = {Proceedings of the 4th ACM International Conference on Embedded Software},
	series = {EMSOFT '04},
	year = {2004},
	isbn = {1-58113-860-1},
	location = {Pisa, Italy},
	pages = {240--248},
	numpages = {9},
	publisher = {ACM},
	address = {New York, NY, USA},
} 

@article{HiDRASalcicHRB06,
  author    = {Zoran A. Salcic and
               Dong Hui and
               Partha S. Roop and
               Morteza Biglari{-}Abhari},
  title     = {HiDRA - {A} reactive multiprocessor architecture for heterogeneous
               embedded systems},
  journal   = {Microprocessors and Microsystems},
  volume    = {30},
  number    = {2},
  pages     = {72--85},
  year      = {2006},
}

@article {
	YuanAYRS09,
	author = {Yuan, S. and Andalam, S. and Yoong, L. H. and Roop, P. S. and Salcic, Z.},
	title		= "{STARPro - A New Multithreaded Direct Execution Platform for Esterel}",
	journal		= {Electronic Notes in Theoretical Computer Science},
	volume		= 238,
	number		= 1,
	month		= "June",
	year		= 2009,
	pages		= "37 - 55",
	numpages	= 19,
	publisher	= {Elsevier Science Publishers B. V.},
	address		= {Amsterdam, The Netherlands}
}

@ARTICLE{ArgosCL,
	AUTHOR = {F. Maraninchi and Y. R\'emond},
	TITLE = {Argos: an Automaton-Based Synchronous Language},
	JOURNAL = {Computer Languages},
	publisher = {Elsevier},
	NUMBER={27},
	PAGES={61-92},
	YEAR={2001}
}

@ARTICLE{lustre91, 
	author={Halbwachs, N. and Caspi, P. and Raymond, P. and Pilaud, D.}, 
	journal={Proceedings of the IEEE}, 
	title={The synchronous data flow programming language LUSTRE}, 
	year={1991}, 
	volume={79}, 
	number={9}, 
	pages={1305-1320}, 
	ISSN={0018-9219}, 
	month={Sep},
}

@inproceedings{UML:DOORs,
	author = {Michael Sutherland},
	title = {Developing Complex Systems using	DOORS and UML},
	booktitle = {Proceedings of the Telelogic User Group Conference},
	series = {UGC '04},
	year = {2004},
	location = {Wiesbaden, Germany},
}

@ARTICLE{benveniste03,
	title={The synchronous languages 12 years later},
	author={Benveniste, A. and Caspi, P. and Edwards, S.A. and Halbwachs, N. and Le Guernic, P. and de Simone, R.},
	journal={Proceedings of the IEEE},
	year={2003},
	month={January},
	volume={91},
	number={1},
	pages={ 64-83},
	ISSN={0018-9219},
}

@inproceedings{Lednicki13,
	author = {Lednicki, Luka and Carlson, Jan and Sandstr\"{o}m, Kristian},
	title = {Model Level Worst-case Execution Time Analysis for {IEC} 61499},
	booktitle = {{Proceedings of the 16th International ACM Sigsoft Symposium on Component-based Software Engineering}},
	series = {CBSE '13},
	year = {2013},
	location = {Vancouver, British Columbia, Canada},
	pages = {169--178},
}


@inproceedings{roop09CASES,
	author = {Roop, Partha S. and Andalam, Sidharta and von Hanxleden, Reinhard and Yuan, Simon and Traulsen, Claus},
	title = {Tight {WCRT} analysis of synchronous {C} programs},
	booktitle = {Proceedings of the 2009 international conference on Compilers, architecture, and synthesis for embedded systems},
	series = {CASES '09},
	year = {2009},
	isbn = {978-1-60558-626-7},
	location = {Grenoble, France},
	pages = {205--214},
	numpages = {10},
	publisher = {ACM},
	address = {New York, NY, USA},
} 

@PHDTHESIS{Reineke08,
   author = {Jan Reineke},
   title = {Caches in {WCET} Analysis},
   school = {Universit\"at des Saarlandes},
   year = {2008},
   month = {November},
   slides = {http://rw4.cs.uni-saarland.de/~reineke/talks/phdDefenseReineke.pdf},
   url = {http://rw4.cs.uni-saarland.de/~reineke/publications/DissertationCachesInWCETAnalysis.pdf}
}
 
@article{Cullmann:2013,
	author = {Cullmann, Christoph},
	title = {Cache Persistence Analysis: Theory and Practice},
	journal = {ACM Trans. Embed. Comput. Syst.},
	issue_date = {March 2013},
	volume = {12},
	number = {1s},
	month = mar,
	year = {2013},
	issn = {1539-9087},
	pages = {40:1--40:25},
	articleno = {40},
	numpages = {25},
	publisher = {ACM},
	address = {New York, NY, USA},
} 

@inproceedings{Anand:2009,
	author = {Anand, Kapil and Barua, Rajeev},
	title = {Instruction Cache Locking Inside a Binary Rewriter},
	booktitle = {Proceedings of the 2009 International Conference on Compilers, Architecture, and Synthesis for Embedded Systems},
	series = {CASES '09},
	year = {2009},
	isbn = {978-1-60558-626-7},
	location = {Grenoble, France},
	pages = {185--194},
	numpages = {10},
	publisher = {ACM},
	address = {New York, NY, USA},
} 

@INPROCEEDINGS{Puaut06,
	author={Puaut, I.},
	booktitle={Real-Time Systems, 2006. 18th Euromicro Conference on},
	title={{WCET}-centric software-controlled instruction caches for hard real-time systems},
	year={2006},
	pages={10 pp.-226},
	ISSN={1068-3070},
	month={},
}



@INPROCEEDINGS{Andalam13:cache,
	author={Andalam, S. and Sinha, R. and Roop, P. and Girault, A. and Reineke, J.},
	booktitle={Design Automation Conference (DAC), 2013 50th ACM/EDAC/IEEE},
	title={Precise timing analysis for direct-mapped caches},
	year={2013},
	pages={1-10},
	ISSN={0738-100X},
	month={May},
}

@INPROCEEDINGS{Chattopadhyay11,
	author={Chattopadhyay, S. and Roychoudhury, A.},
	booktitle={Real-Time Systems Symposium (RTSS), 2011 IEEE 32nd},
	title={Scalable and Precise Refinement of Cache Timing Analysis via Model Checking},
	year={2011},
	pages={193-203},
	ISSN={1052-8725},
	month={Nov},
}

@ARTICLE{Theiling99fastand,
    author = {Henrik Theiling and Christian Ferdinand and Reinhard Wilhelm},
    title = {Fast and Precise {WCET} Prediction by Separated Cache and Path Analyses},
    journal = {REAL-TIME SYSTEMS},
    year = {1999},
    volume = {18},
    pages = {157--179}
}


@article{Ferdinand1999163,
	title = "Cache behavior prediction by abstract interpretation ",
	journal = "Science of Computer Programming ",
	volume = "35",
	number = "2-3",
	pages = "163 - 189",
	year = "1999",
	note = "",
	issn = "0167-6423",
	author = "Christian Ferdinand and Florian Martin and Reinhard Wilhelm and Martin Alt",
	keywords = "Worst-case execution time prediction "
}



@inproceedings{Negi:2003,
	author = {Negi, Hemendra Singh and Mitra, Tulika and Roychoudhury, Abhik},
	title = {Accurate Estimation of Cache-related Preemption Delay},
	booktitle = {Proceedings of the 1st IEEE/ACM/IFIP International Conference on Hardware/Software Codesign and System Synthesis},
	series = {CODES+ISSS '03},
	year = {2003},
	isbn = {1-58113-742-7},
	location = {Newport Beach, CA, USA},
	pages = {201--206},
	numpages = {6},
	publisher = {ACM},
	address = {New York, NY, USA},
} 

@article{Li:99:cache,
	author = {Li, Yau-Tsun Steven and Malik, Sharad and Wolfe, Andrew},
	title = {Performance Estimation of Embedded Software with Instruction Cache Modeling},
	journal = {ACM Trans. Des. Autom. Electron. Syst.},
	issue_date = {July 1999},
	volume = {4},
	number = {3},
	month = jul,
	year = {1999},
	issn = {1084-4309},
	pages = {257--279},
	numpages = {23},
	publisher = {ACM},
	address = {New York, NY, USA},
} 

@INPROCEEDINGS{Li03:cache,
	author={Xianfeng Li and Mitra, T. and Roychoudhury, A.},
	booktitle={Design Automation Conference, 2003. Proceedings},
	title={Accurate timing analysis by modeling caches, speculation and their interaction},
	year={2003},
	pages={466-471},
	month={June}
}




@inproceedings{Puaut:2007,
	author = {Puaut, Isabelle and Pais, Christophe},
	title = {Scratchpad memories vs locked caches in hard real-time systems: a quantitative comparison},
	booktitle = {Proceedings of the conference on Design, automation and test in Europe},
	series = {DATE '07},
	year = {2007},
	isbn = {978-3-9810801-2-4},
	location = {Nice, France},
	pages = {1484--1489},
	numpages = {6},
	publisher = {EDA Consortium},
	address = {San Jose, CA, USA},
} 

@INPROCEEDINGS{Schoeberl04atime,
    author = {Martin Schoeberl},
    title = {A time predictable instruction cache for a java processor},
    booktitle = {In On the Move to Meaningful Internet Systems 2004: Workshop on Java Technologies for Real-Time and Embedded Systems (JTRES 2004), volume 3292 of LNCS},
    year = {2004},
    pages = {371--382},
    publisher = {Springer}
}

@article{Vivy10,
	author = {Suhendra, Vivy and Roychoudhury, Abhik and Mitra, Tulika},
	title = {Scratchpad allocation for concurrent embedded software},
	journal = {ACM Trans. Program. Lang. Syst.},
	issue_date = {April 2010},
	volume = {32},
	number = {4},
	month = apr,
	year = {2010},
	issn = {0164-0925},
	pages = {13:1--13:47},
	articleno = {13},
	numpages = {47},
	publisher = {ACM},
	address = {New York, NY, USA},
} 

@inproceedings{Kim:SPM:14,
    author = {Yooseong Kim and David Broman and Jian Cai and
              Aviral Shrivastava},
    title = {{WCET}-Aware Dynamic Code Management on Scratchpads for Software-Managed Multicores},
    booktitle = {Proceedings of the 20th IEEE Real-Time and
              Embedded Technology and Application Symposium
              (RTAS)},
    month = {April},
    year = {2014},
	pages={179-188}
}

@inproceedings{SMMU09EMSOFT,
	author = {Jack Whitham and Neil Audsley},
	year = {2009},
	booktitle = {Proc. EMSOFT},
	title = {Implementing Time-predictable Load and Store Operations},
	pages = {265--274},
}

@ARTICLE{Prakash13,
	author={Prakash, A. and Patel, H.D.},
	journal={Computer-Aided Design of Integrated Circuits and Systems, IEEE Transactions on},
	title={An Instruction Scratchpad Memory Allocation for the Precision Timed Architecture},
	year={2013},
	volume={32},
	number={11},
	pages={1819-1823},
	ISSN={0278-0070},
	month={Nov},
}

@INPROCEEDINGS{Falk09,
	author={Falk, H. and Kleinsorge, J.C.},
	booktitle={Design Automation Conference, 2009. DAC 2009. 46th ACM/IEEE}, title={Optimal static {WCET}-aware scratchpad allocation of program code},
	year={2009},
	month={July},
	volume={},
	number={},
	pages={732 -737},
	ISSN={0738-100X},
}

@misc{ABSINT,
	title = {{aiT Worst-Case Execution Time Analyzers}},
	organization = {AbsInt},
	note = {Last accessed: 04/02/12},
	howpublished = {\url{http://www.absint.com/ait/}},
	year = 	 2012,
}

@misc{Gurobi,
	title = {State-of-the-Art Mathematical Programming Solver},
	key = {State-of-the-Art Mathematical Programming Solver},
	organization = {Gurobi Optimization},
	note = {Last accessed: 26/8/2014},
	howpublished = {\url{http://www.gurobi.com}},
	year = 	 2014,
}

@misc{FreeRTOS,
	title = {The {FreeRTOS} Real Time Operating System},
	organization = {Real Time Engineers Ltd},
	note = {Last accessed: 13/8/2015},
	howpublished = {\url{http://www.freertos.org}},
}


@INPROCEEDINGS{Chandrasekaran14, 
	author={Chandrasekaran, P. and Shibu Kumar, K.B. and Minz, R.L. and D'Souza, D. and Meshram, L.}, 
	booktitle={Formal Methods and Models for Codesign (MEMOCODE), 2014 Twelfth ACM/IEEE International Conference on}, 
	title={A multi-core version of FreeRTOS verified for datarace and deadlock freedom}, 
	year={2014}, 
	month={Oct}, 
	pages={62-71}, 
}
 
@inproceedings {Yiprtas2014,
author = {Eugene Yip and Matthew M. Y. Kuo and Partha S. Roop and David Broman},
title = {Relaxing the Synchronous Approach for Mixed-Criticality Systems},
booktitle = {12th IEEE Real-Time and Embedded Technology and Applications Symposium (RTAS)},
year = 2014,
month = Apr,
location = "Berlin, Germany",
pages={89-100}, 
}


@INPROCEEDINGS{Yuan11, 
	author={Yuan, S. and Li Hsien Yoong and Roop, P.S.}, 
	booktitle={Digital System Design (DSD), 2011 14th Euromicro Conference on}, 
	title={Compiling Esterel for Multi-core Execution}, 
	year={2011}, 
	month={Aug}, 
	pages={727-735},
}
 


@book{lee2011introduction,
	title={Introduction to embedded systems: A cyber-physical systems approach},
	author={Lee, Edward Ashford and Seshia, Sanjit Arunkumar},
	year={2011},
	publisher={Lee \& Seshia}
}

@inproceedings {yip13-forec,
	author = "Eugene Yip and Partha S Roop and Morteza Biglari-Abhari and Alain Girault",
	title = "{Programming and Timing Analysis of Parallel Programs on Multicores}",
	booktitle = {13th International Conference on Application of Concurrency to System Design (ACSD)},
	year = 2013,
	month = jul,
	location = "Barcelona, Spain",
	pages={160-169},
}

@misc{lpsolve,
	title = {lpsolve : Mixed Integer Linear Programming ({MILP}) Solver},
	author = {Kjell Eikland and Peter Notebaert},
	year = {2014},
	howpublished = {\url{http://sourceforge.net/projects/lpsolve/}},
}

@inproceedings{dunkels06protothreads,
  author = {Adam Dunkels and Oliver Schmidt and Thiemo Voigt and
                  Muneeb Ali},
  title = {Protothreads: Simplifying Event-Driven Programming
                  of Memory-Constrained Embedded Systems},
  booktitle = {Proceedings of the Fourth ACM Conference on Embedded
                  Networked Sensor Systems (SenSys 2006)},
  year = 2006,
  month = nov,
  address = {Boulder, Colorado, USA},
}

@ARTICLE{signal91, 
	author={LeGuernic, P. and Gautier, T. and Le Borgne, M. and Le Maire, C.}, 
	journal={Proceedings of the IEEE}, 
	title={Programming real-time applications with SIGNAL}, 
	year={1991}, 
	volume={79}, 
	number={9}, 
	pages={1321-1336}, 
	ISSN={0018-9219}, 
	month={Sep},
}

@ARTICLE{lustre91, 
	author={Halbwachs, N. and Caspi, P. and Raymond, P. and Pilaud, D.}, 
	journal={Proceedings of the IEEE}, 
	title={The synchronous data flow programming language LUSTRE}, 
	year={1991}, 
	volume={79}, 
	number={9}, 
	pages={1305-1320}, 
	ISSN={0018-9219}, 
	month={Sep},
}

@article{Berry92theesterel,
	author = {Berry, G{\'e}rard and Gonthier, Georges},
	title = {The {E}sterel synchronous programming language: design, semantics, implementation},
	journal = {Sci. Comput. Program.},
	issue_date = {Nov. 1992},
	volume = {19},
	number = {2},
	month = nov,
	year = {1992},
	issn = {0167-6423},
	pages = {87--152},
	numpages = {66},
	publisher = {Elsevier North-Holland, Inc.},
	address = {Amsterdam, The Netherlands, The Netherlands},
} 


@inproceedings{PRETMachineCASES,
    author = {Ben Lickly and Isaac Liu and Sungjun Kim and Hiren
              D. Patel and Stephen A. Edwards and Edward A. Lee},
    title = {Predictable Programming on a Precision Timed
              Architecture},
    booktitle = {Proceedings of International Conference on
              Compilers, Architecture, and Synthesis from
              Embedded Systems (CASES), Atlanta, Georgia},
    editor = {Erik R. Altman},
    organization = {ACM},
    pages = {137-146},
    day = {19},
    month = {October},
    year = {2008},
}